@book{womak:ai-its-scope-and-limits,
    author = {James H. Fetzer},
    title = {Artificial Intelligence: Its Scope and Limits},
    chapter = {What is Artificial Intelligence?},
    series = {Studies in Cognitive Systems},
    volume = {4},
    publisher = {Springer},
    year = {1990},
}

@article{article:what-is-ai,
  author = {John McCarthy},
  title = {What is Artificial Intelligence?},
  journal = {Computer Science Department, Stanford University},
  date = {2004-11-24},
}

@online{site:zero12,
    title = {Zero 123 Srl},
    url = {https://www.zero12.it/},
    urldate = {2024-08-28},
}

@online{site:glossary-llm-gen-ai,
    title = {Glossary of LLM and Generative AI},
    url = {https://medium.com/@shuchaobi/glossary-of-llm-and-generative-ai-b3111da41da7},
    urldate = {2024-09-01},
}

@online{site:what-is-ai-ibm,
    title = {What is Artificial Intelligence?},
    url = {https://www.ibm.com/topics/artificial-intelligence},
    urldate = {2024-08-28},
}

@online{site:what-is-ml-ibm,
    title = {What is Machine Learning?},
    url = {https://www.ibm.com/topics/machine-learning},
    urldate = {2024-08-28},
}

@online{site:intro-to-ml,
    title = {An Introduction to Machine Learning},
    url = {https://www.geeksforgeeks.org/introduction-machine-learning/},
    urldate = {2024-08-29},
}

@online{site:what-is-NLP-ibm,
    title = {What is NLP (natural language processing)?},
    url = {https://www.ibm.com/topics/natural-language-processing},
    urldate = {2024-08-29},
}

@online{site:what-is-gen-ai-ibm,
    title = {What is generative AI?},
    url = {https://www.ibm.com/topics/generative-ai},
    urldate = {2024-08-30},
}

@online{site:guide-to-llm,
    title = {A Comprehensive Guide to Large Language Models},
    url = {https://blog.fabrichq.ai/a-comprehensive-guide-to-large-language-models-4b202b50abc8},
    urldate = {2024-08-30},
}

@online{site:what-is-prompt-engineering,
    title = {Cos'è la progettazione dei prompt?},
    url = {https://aws.amazon.com/it/what-is/prompt-engineering/},
    urldate = {2024-08-30},
}

@online{site:what-is-rag,
    title = {Cos’è la RAG (Retrieval-Augmented Generation)?},
    url = {https://aws.amazon.com/it/what-is/retrieval-augmented-generation/},
    urldate = {2024-08-31},
}

@online{site:what-is-embedding-ibm,
    title = {What is embedding?},
    url = {https://www.ibm.com/topics/embedding},
    urldate = {2024-08-31},
}

@online{site:intro-javascript,
    title = {Introduction to JavaScript},
    url = {https://www.geeksforgeeks.org/introduction-to-javascript/},
    urldate = {2024-09-02},
}

@online{site:typescript-hand-book,
    title = {The TypeScript Handbook},
    url = {https://www.typescriptlang.org/docs/handbook/intro.html},
    urldate = {2024-09-02},
}

@online{site:python-guide,
    title = {Guida Python},
    url = {https://www.html.it/guide/guida-python/},
    urldate = {2024-09-02},
}

@online{site:aws-bedrock-what-is,
    title = {What is Amazon Bedrock?},
    url = {https://docs.aws.amazon.com/bedrock/latest/userguide/what-is-bedrock.html},
    urldate = {2024-09-02},
}

@online{site:aws-lambda-what-is,
    title = {What is AWS Lambda?},
    url = {https://docs.aws.amazon.com/lambda/latest/dg/welcome.html},
    urldate = {2024-09-02},
}

@online{site:mongodb-what-is,
    title = {What is MongoDB?},
    url = {https://www.mongodb.com/docs/manual/},
    urldate = {2024-09-02},
}

@online{site:ngrok-doc,
    title = {Documentation of ngrok},
    url = {https://ngrok.com/docs},
    urldate = {2024-09-02},
}

@online{site:ollama-repo-github,
    title = {Ollama's repository on GitHub},
    url = {https://github.com/ollama/ollama},
    urldate = {2024-09-02},
}

@online{site:streamlit-doc,
    title = {Streamlit documentation},
    url = {https://docs.streamlit.io/},
    urldate = {2024-09-02},
}

@online{site:rag-impl-guide,
    title = {Build your own RAG and run it locally: Langchain + Ollama + Streamlit},
    url = {https://medium.com/@vndee.huynh/build-your-own-rag-and-run-it-locally-langchain-ollama-streamlit-181d42805895},
    urldate = {2024-09-03},
}